@online{ref:Arcturus,
	author = {{Arcturus UAV}},
	title = {Arcturus Jump},
	url = {http://www.arcturus-uav.com/aircraft.html},
	year = {2014},
	month = {Mar.},
	urldate = { 2010-09-30}
}

@online{X,
	title = {X PlusOne},
	howpublished = {\url{https://www.kickstarter.com/projects/137596013/x-plusone-your-ultimate-hover-speed-aerial-camera}}
}

@online{Caipirinha,
	title = {TBS Caipirinha},
	howpublished = {\url{https://pixhawk.org/platforms/vtol/tbs_caipirinha_vtol}}
}

@online{FireFly6,
	title = {FireFly6},
	howpublished = {\url{http://www.robotshop.com/ca/en/firefly6-vtol-y6-multirotor-drone-frame.html}}
}